% Encoding: UTF-8
@Article{pmid22926163,
   Author="Tseng, P. H.  and Cameron, I. G.  and Pari, G.  and Reynolds, J. N.  and Munoz, D. P.  and Itti, L. ",
   Title="{{H}igh-throughput classification of clinical populations from natural viewing eye movements}",
   Journal="J. Neurol.",
   Year="2013",
   Volume="260",
   Number="1",
   Pages="275--284",
   Month="Jan"
}

@article{Itti15n,
  author = {L. Itti},
  title = {New Eye-Tracking Techniques May Revolutionize Mental Health Screening},
  abstract = {Visually-guided behavior recruits a network of brain regions so extensive that it is often affected by neuropsychiatric disorders, producing measurable atypical oculomotor signatures. Wang et al. (2015) combine eye tracking with computational attention models to decipher the neurobehavioral signature of autism.},
  journal = {Neuron},
  volume = {88},
  number = {3},
  pages = {442-444},
  month = {Nov},
  year = {2015},
  type = {med;eye;bu},
  if = {2014 impact factor: 15.054},
  file = {http://ilab.usc.edu/publications/doc/Itti15n.pdf},
}
@ARTICLE{fneur.2019.00080,
  
AUTHOR={Zhang, Chen and Paolozza, Angelina and Tseng, Po-He and Reynolds, James N. and Munoz, Douglas P. and Itti, Laurent},   
	 
TITLE={Detection of Children/Youth With Fetal Alcohol Spectrum Disorder Through Eye Movement, Psychometric, and Neuroimaging Data},      
	
JOURNAL={Frontiers in Neurology},      
	
VOLUME={10},      

PAGES={80},     
	
YEAR={2019},      
	  
URL={https://www.frontiersin.org/article/10.3389/fneur.2019.00080},       
	
DOI={10.3389/fneur.2019.00080},   
}

@Article{pmid26593094,
   Author={Wang, S.  and Jiang, M.  and Duchesne, X. M.  and Laugeson, E. A.  and Kennedy, D. P.  and Adolphs, R.  and Zhao, Q. },
   Title={{A}typical {V}isual {S}aliency in {A}utism {S}pectrum {D}isorder {Q}uantified through {M}odel-{B}ased {E}ye {T}racking},
   Journal={Neuron},
   Year={2015},
   Volume={88},
   Number={3},
   Pages={604--616},
   Month={Nov}
}
@ARTICLE{730558,  author={L. {Itti} and C. {Koch} and E. {Niebur}},  journal={IEEE Transactions on Pattern Analysis and Machine Intelligence},   title={A model of saliency-based visual attention for rapid scene analysis},   year={1998},  volume={20},  number={11},  pages={1254-1259},}

@inproceedings{10.5555/645528.657646,
author = {Joachims, Thorsten},
title = {Transductive Inference for Text Classification Using Support Vector Machines},
year = {1999},
isbn = {1558606122},
publisher = {Morgan Kaufmann Publishers Inc.},
address = {San Francisco, CA, USA},
booktitle = {Proceedings of the Sixteenth International Conference on Machine Learning},
pages = {200–209},
numpages = {10},
series = {ICML '99}
}
@ARTICLE{nips1933, 
author={Bennett, K., Demiriz, A.},
title={Semi-supervised Support Vector Machines},
journal = {Neural Information Processing Systems}
volume = {11}
pages={368–374}
year = {1999}
}
@article{Belkin2006ManifoldRA,
  title={Manifold Regularization: A Geometric Framework for Learning from Labeled and Unlabeled Examples},
  author={M. Belkin and P. Niyogi and V. Sindhwani},
  journal={J. Mach. Learn. Res.},
  year={2006},
  volume={7},
  pages={2399-2434}
}
@article{10.1145/358669.358692,
author = {Fischler, Martin A. and Bolles, Robert C.},
title = {Random Sample Consensus: A Paradigm for Model Fitting with Applications to Image Analysis and Automated Cartography},
year = {1981},
issue_date = {June 1981},
publisher = {Association for Computing Machinery},
address = {New York, NY, USA},
volume = {24},
number = {6},
issn = {0001-0782},
url = {https://doi.org/10.1145/358669.358692},
doi = {10.1145/358669.358692},
journal = {Commun. ACM},
month = jun,
pages = {381–395},
}
@ARTICLE{9058999,  author={H. {Yang} and C. {Yuan} and L. {Zhang} and Y. {Sun} and W. {Hu} and S. J. {Maybank}},  journal={IEEE Transactions on Image Processing},   title={STA-CNN: Convolutional Spatial-Temporal Attention Learning for Action Recognition},   year={2020},  volume={29},  number={},  pages={5783-5793},}

@Article{ACE,
  author  = {Tottenham N, Sheridan MA.},
  title   = {A Review of Adversity, The Amygdala and the Hippocampus: A Consideration of Developmental Timing},
  journal = {The Journal},
  year    = {2014},
  volume  = {1(2)},
  pages   = {123--345},
  doi     = {10.22260/ISARC2017/0001},
}

@Article{ACE1,
  author  = {Shonkoff, Garnetr},
  title   = {The Lifelong Effects of Early Childhood Adversity and Toxic Stress},
  journal = {The Journal},
  year    = {2014},
  volume  = {1(2)},
  pages   = {123--345},
  doi     = {10.22260/ISARC2017/0001},
}

@Article{ACE2,
  author  = {Mojtaba Zare, Mary Narayan, Annie Lasway, Panagiota Kitsantas, Janusz Wojtusiak, and Cheryl A. Oetjen},
  title   = {Influence of Adverse Childhood Experiences on Anxiety and Depression In Children Aged 6 to 11 Years},
  journal = {The Journal},
  year    = {2014},
  volume  = {1(2)},
  pages   = {123--345},
  doi     = {10.22260/ISARC2017/0001},
}

@inproceedings{BMVC2015_168,
	title={Adapting RANSAC SVM to Detect Outliers for Robust Classification},
	author={Subhabrata Debnath and Anjan Banerjee and Vinay Namboodiri},
	year={2015},
	month={September},
	pages={168.1-168.11},
	articleno={168},
	numpages={11},
	booktitle={Proceedings of the British Machine Vision Conference (BMVC)},
	publisher={BMVA Press},
	editor={Xianghua Xie, Mark W. Jones, and Gary K. L. Tam},
	doi={10.5244/C.29.168},
	isbn={1-901725-53-7},
	url={https://dx.doi.org/10.5244/C.29.168}
}
@INPROCEEDINGS{4761280,  author={K. {Nishida} and T. {Kurita}},  booktitle={2008 19th International Conference on Pattern Recognition},   title={RANSAC-SVM for large-scale datasets},   year={2008},  volume={},  number={},  pages={1-4},}

@ARTICLE{9058999,
  author={H. {Yang} and C. {Yuan} and L. {Zhang} and Y. {Sun} and W. {Hu} and S. J. {Maybank}},
  journal={IEEE Transactions on Image Processing}, 
  title={STA-CNN: Convolutional Spatial-Temporal Attention Learning for Action Recognition}, 
  year={2020},
  volume={29},
  number={},
  pages={5783-5793},}
  
@ARTICLE{dg1,
arthor ={Kümmerer, M., Theis, L., & Bethge, M. },(2014). 
title = {Deep Gaze I: Boosting Saliency Prediction with Feature Maps Trained on ImageNet}
year = {2015}
pages = {1-12}
journal ={In International Conference on Learning Representations }

@ARTICLE{DGAZE,
  author={Z. {Hu} and S. {Li} and C. {Zhang} and K. {Yi} and G. {Wang} and D. {Manocha}},
  journal={IEEE Transactions on Visualization and Computer Graphics}, 
  title={DGaze: CNN-Based Gaze Prediction in Dynamic Scenes}, 
  year={2020},
  volume={26},
  number={5},
  pages={1902-1911},}
  @ARTICLE{dg2,
author={ Kümmerer, M., Wallis, T., & Bethge, M.}
title={DeepGaze II: Predicting fixations from deep features over time and tasks},
journal={Poster presented at 17th Annual Meeting of the Vision Sciences Society},
year = {2017}

  

  @ARTICLE{VSP-STRAN,
  author={Q. {Lai} and W. {Wang} and H. {Sun} and J. {Shen}},
  journal={IEEE Transactions on Image Processing}, 
  title={Video Saliency Prediction Using Spatiotemporal Residual Attentive Networks}, 
  year={2020},
  volume={29},
  number={},
  pages={1113-1126},}
  
@InProceedings{Zhang_2017_CVPR,
author = {Zhang, Mengmi and Teck Ma, Keng and Hwee Lim, Joo and Zhao, Qi and Feng, Jiashi},
title = {Deep Future Gaze: Gaze Anticipation on Egocentric Videos Using Adversarial Networks},
booktitle = {Proceedings of the IEEE Conference on Computer Vision and Pattern Recognition (CVPR)},
month = {July},
year = {2017}
} 